@manual{chicago_location,
      title  = "Crimes - 2001 to present - Dashboard)",
      url ={\url{https://data.cityofchicago.org/Public-Safety/Crimes-2001-to-present-Dashboard/5cd6-ry5g}},
      note={\url{https://data.cityofchicago.org/Public-Safety/Crimes-2001-to-present-Dashboard/5cd6-ry5g}{,} [Online; accessed 26-May-2018]}
}